@misc{threadsInCEducative,
	title = {{What are pthreads in C/C++?}},
	author = {Sheharyar Khalid},
	journal = {Educative: Interactive Courses for Software Developers},
	note = {[Online; accessed 7. Apr. 2023]},
	url = {https://www.educative.io/answers/what-are-pthreads-in-c-cpp}
}

@misc{pthreadJoin,
	title = {{pthread{$\_$}join(3) - Linux manual page}},
	note = {[Online; accessed 7. Apr. 2023]},
	url = {https://man7.org/linux/man-pages/man3/pthread_join.3.html}
}