@misc{threadsInCEducative,
	title = {{What are pthreads in C/C++?}},
	author = {Sheharyar Khalid},
	journal = {Educative: Interactive Courses for Software Developers},
	note = {[Online; accessed 7. Apr. 2023]},
	url = {https://www.educative.io/answers/what-are-pthreads-in-c-cpp}
}

@misc{pthreadJoin,
	title = {{pthread{$\_$}join(3) - Linux manual page}},
	note = {[Online; accessed 7. Apr. 2023]},
	url = {https://man7.org/linux/man-pages/man3/pthread_join.3.html}
}

@misc{codevault_2020_short,
  author = {CodeVault},
  month = {12},
  title = {Short introduction to threads (pthreads)},
  url = {https://www.youtube.com/watch?v=d9s_d28yJq0},
  urldate = {2023-03-31},
  year = {2020},
  organization = {YouTube}
}

@misc{portfoliocourses_2022_introduction,
  author = {Portfolio Courses},
  month = {02},
  title = {Introduction To Threads (pthreads) | C Programming Tutorial},
  url = {https://www.youtube.com/watch?v=ldJ8WGZVXZk},
  urldate = {2023-03-31},
  year = {2022},
  organization = {YouTube}
}

@misc{whiletruethendream_2018_programar,
  author = {WhileTrueThenDream},
  month = {03},
  title = {Programar en C con Hilos pthreads},
  url = {https://www.youtube.com/watch?v=NAKrOZCcJ4A},
  urldate = {2023-03-31},
  year = {2018},
  organization = {YouTube}
}

@misc{whiletruethendream_2020_mutex,
  author = {WhileTrueThenDream},
  month = {04},
  title = {Mutex. Sincronización de hilos. Programar en C, Linux},
  url = {https://www.youtube.com/watch?v=faZEhIHdJx8},
  urldate = {2023-04-01},
  year = {2020},
  organization = {YouTube}
}

@misc{cppdev_2010_c,
  author = {cppdev},
  editor = {Sagar Jain},
  month = {01},
  title = {c - pthreads mutex vs semaphore},
  url = {https://stackoverflow.com/questions/2065747/pthreads-mutex-vs-semaphore},
  urldate = {2023-04-01},
  year = {2010},
  organization = {Stack Overflow}
}

@misc{encyclopdiabritannica_2022_c,
  author = {Encyclopædia Britannica},
  month = {10},
  title = {C | computer programming language},
  url = {https://www.britannica.com/technology/C-computer-programming-language},
  urldate = {2023-04-05},
  year = {2022},
  organization = {Encyclopedia Britannica}
}

@misc{munoz_after,
  author = {Munoz, Daniel},
  title = {After All These Years, the World is Still Powered by C Programming},
  url = {https://www.toptal.com/c/after-all-these-years-the-world-is-still-powered-by-c-programming},
  urldate = {2023-04-05},
  organization = {Toptal Engineering Blog}
}

@misc{mritchie_1993_the,
  author = {M. Ritchie, Daniel},
  month = {04},
  title = {The Development of the C Language},
  url = {https://www.bell-labs.com/usr/dmr/www/chist.html},
  urldate = {2023-04-06},
  year = {1993},
  organization = {Bell-labs.com}
}

@misc{ippolito_2020_linux,
  author = {Ippolito, Greg},
  title = {Linux Tutorial: POSIX Threads},
  url = {https://www.cs.cmu.edu/afs/cs/academic/class/15492-f07/www/pthreads.html},
  urldate = {2023-04-06},
  year = {2020},
  organization = {Cmu.edu}
}

@misc{avram_2014_jetbrains,
  author = {Avram, Abel},
  month = {09},
  title = {JetBrains CLion, a C/C++ IDE, and ReSharper for C++},
  url = {https://www.infoq.com/news/2014/09/jetbrains-clion/},
  urldate = {2023-04-06},
  year = {2014},
  organization = {InfoQ}
}

@misc{jetbrains_intelligent,
  author = {JetBrains},
  title = {Intelligent Coding Assistance & Code Analysis - Features | CLion},
  url = {https://www.jetbrains.com/clion/features/},
  urldate = {2023-04-06},
  organization = {JetBrains}
}

@misc{universityinformationtechnologyservices_2021_about,
  author = {University Information Technology Services},
  month = {12},
  title = {About POSIX},
  url = {https://kb.iu.edu/d/agjv},
  urldate = {2023-04-06},
  year = {2021},
  organization = {kb.iu.edu}
}

@misc{idahostateuniversity_1997_what,
  author = {Idaho State University},
  month = {02},
  title = {What Is Unix?},
  url = {https://fsl.fmrib.ox.ac.uk/fslcourse/unix_intro/whatis.html},
  urldate = {2023-04-06},
  year = {1997},
  organization = {fsl.fmrib.ox.ac.uk}
}
